@Misc{durango,
author = {Durango Bill},
title = {{Durango Bill's 33 Hole Peg Solitaire}},
howpublished = "\url{http://www.durangobill.com/Peg33.html}",
note = "[Online;  Accessed October 2017]"
}

@inproceedings{Tomomi,
  title={Integer programming based algorithms for peg solitaire problems},
  author={Kiyomi, Masashi and Matsui, Tomomi},
  booktitle={International Conference on Computers and Games},
  pages={229--240},
  year={2000},
  organization={Springer}
}
